@article{tsingenopoulos2023adversarial,
  title={Adversarial Markov Games: On Adaptive Decision-Based Attacks and Defenses},
  author={Tsingenopoulos, Ilias and Rimmer, Vera and Preuveneers, Davy and Pierazzi, Fabio and Cavallaro, Lorenzo and Joosen, Wouter},
  journal={Under review ACSAC 2024},
  year={2024}
}

@book{turing2009computing,
  title={Computing machinery and intelligence},
  author={Turing, Alan M},
  year={2009},
  publisher={Springer}
}

@incollection{greenwald2017solving,
  title={Solving for best responses and equilibria in extensive-form games with reinforcement learning methods},
  author={Greenwald, Amy and Li, Jiacui and Sodomka, Eric},
  booktitle={Rohit Parikh on Logic, Language and Society},
  pages={185--226},
  year={2017},
  publisher={Springer}
}

@inproceedings{chen2020hopskipjumpattack,
  title={Hopskipjumpattack: A query-efficient decision-based attack},
  author={Chen, Jianbo and Jordan, Michael I and Wainwright, Martin J},
  booktitle={2020 ieee symposium on security and privacy (sp)},
  pages={1277--1294},
  year={2020},
  organization={IEEE}
}

@inproceedings{brendel2018decision,
  title={Decision-Based Adversarial Attacks: Reliable Attacks Against Black-Box Machine Learning Models},
  author={Brendel, Wieland and Rauber, Jonas and Bethge, Matthias},
  booktitle={International Conference on Learning Representations},
  year={2018}
}

@inproceedings{brunner2019guessing,
  title={Guessing smart: Biased sampling for efficient black-box adversarial attacks},
  author={Brunner, Thomas and Diehl, Frederik and Le, Michael Truong and Knoll, Alois},
  booktitle={Proceedings of the IEEE/CVF International Conference on Computer Vision},
  pages={4958--4966},
  year={2019}
}

@article{kenton2022discovering,
  doi = {10.48550/ARXIV.2208.08345},
  author = {Kenton, Zachary and Kumar, Ramana and Farquhar, Sebastian and Richens, Jonathan and MacDermott, Matt and Everitt, Tom},
  title = {Discovering Agents},
  publisher = {arXiv},
  year = {2022}
}

@inproceedings{chen2020stateful,
  title={Stateful detection of black-box adversarial attacks},
  author={Chen, Steven and Carlini, Nicholas and Wagner, David},
  booktitle={Proceedings of the 1st ACM Workshop on Security and Privacy on Artificial Intelligence},
  pages={30--39},
  year={2020}
}

@article{gleave2020adversarial,
  title={Adversarial Policies: Attacking Deep Reinforcement Learning},
  author={Gleave, A and Dennis, M and Kant, N and Wild, C and Levine, S and Russsell, S},
  journal={In Proc. ICLR-20},
  year={2020}
}

@inproceedings{tsingenopoulos2022adaptive,
  title={Adaptive Malware Control: Decision-Based Attacks in the Problem Space of Dynamic Analysis},
  author={Tsingenopoulos, Ilias and Shafiei, Ali Mohammad and Desmet, Lieven and Preuveneers, Davy and Joosen, Wouter},
  booktitle={Proceedings of the 1st Workshop on Robust Malware Analysis},
  pages={3--14},
  year={2022}
}

@article{zoph2016neural,
  title={Neural architecture search with reinforcement learning},
  author={Zoph, Barret and Le, Quoc V},
  journal={arXiv preprint arXiv:1611.01578},
  year={2016}
}

@inproceedings{croce2020reliable,
  title={Reliable evaluation of adversarial robustness with an ensemble of diverse parameter-free attacks},
  author={Croce, Francesco and Hein, Matthias},
  booktitle={Proceedings of the 37th International Conference on Machine Learning},
  year={2020}
}

@article{tramer2020adaptive,
  title={On adaptive attacks to adversarial example defenses},
  author={Tramer, Florian and Carlini, Nicholas and Brendel, Wieland and Madry, Aleksander},
  journal={Advances in Neural Information Processing Systems},
  volume={33},
  pages={1633--1645},
  year={2020}
}

@inproceedings{cortes2016learning,
  title={Learning with rejection},
  author={Cortes, Corinna and DeSalvo, Giulia and Mohri, Mehryar},
  booktitle={International Conference on Algorithmic Learning Theory},
  pages={67--82},
  year={2016},
  organization={Springer}
}

@inproceedings{barbero2022transcending,
  title={Transcending transcend: Revisiting malware classification in the presence of concept drift},
  author={Barbero, Federico and Pendlebury, Feargus and Pierazzi, Fabio and Cavallaro, Lorenzo},
  booktitle={2022 IEEE Symposium on Security and Privacy (SP)},
  pages={805--823},
  year={2022},
  organization={IEEE}
}

@article{astrom1995adaptive,
  title={Adaptive control},
  author={ASTROM, KJ},
  journal={Wesley Sreies in Electrical Eng.: Control Eng.},
  year={1995}
}

@inproceedings{yan2020policy,
  title={Policy-driven attack: learning to query for hard-label black-box adversarial examples},
  author={Yan, Ziang and Guo, Yiwen and Liang, Jian and Zhang, Changshui},
  booktitle={International Conference on Learning Representations},
  year={2020}
}

@incollection{littman1994markov,
  title={Markov games as a framework for multi-agent reinforcement learning},
  author={Littman, Michael L},
  booktitle={Machine learning proceedings},
  year={1994},
  publisher={Elsevier}
}

@article{albrecht2018autonomous,
  title={Autonomous agents modelling other agents: A comprehensive survey and open problems},
  author={Albrecht, Stefano V and Stone, Peter},
  journal={Artificial Intelligence},
  volume={258},
  pages={66--95},
  year={2018},
  publisher={Elsevier}
}

@article{tuyls2012multiagent,
  title={Multiagent learning: Basics, challenges, and prospects},
  author={Tuyls, Karl and Weiss, Gerhard},
  journal={Ai Magazine},
  volume={33},
  number={3},
  pages={41--41},
  year={2012}
}

@inproceedings{wen2019probabilistic,
  title={Probabilistic recursive reasoning for multi-agent reinforcement learning},
  author={Wen, Ying and Yang, Yaodong and Luo, Rui and Wang, Jun and Pan, W},
  booktitle={7th International Conference on Learning Representations, ICLR 2019},
  year={2019}
}

@article{shapley1953stochastic,
  title={Stochastic games},
  author={Shapley, Lloyd S},
  journal={Proceedings of the national academy of sciences},
  volume={39},
  number={10},
  pages={1095--1100},
  year={1953},
  publisher={National Acad Sciences}
}

@inproceedings{wang2019convergence,
  title={On the Convergence and Robustness of Adversarial Training},
  author={Wang, Yisen and Ma, Xingjun and Bailey, James and Yi, Jinfeng and Zhou, Bowen and Gu, Quanquan},
  booktitle={International Conference on Machine Learning},
  pages={6586--6595},
  year={2019},
  organization={PMLR}
}

@article{madry2017towards,
  title={Towards deep learning models resistant to adversarial attacks},
  author={Madry, Aleksander and Makelov, Aleksandar and Schmidt, Ludwig and Tsipras, Dimitris and Vladu, Adrian},
  journal={arXiv preprint arXiv:1706.06083},
  year={2017}
}

@article{sutton2019bitter,
  title={The bitter lesson},
  author={Sutton, Richard},
  journal={Incomplete Ideas (blog)},
  volume={13},
  pages={12},
  year={2019}
}

@inproceedings{carlini2017towards,
  title={Towards evaluating the robustness of neural networks},
  author={Carlini, Nicholas and Wagner, David},
  booktitle={2017 ieee symposium on security and privacy (sp)},
  pages={39--57},
  year={2017},
  organization={Ieee}
}
@inproceedings{athalye2018obfuscated,
  title={Obfuscated gradients give a false sense of security: Circumventing defenses to adversarial examples},
  author={Athalye, Anish and Carlini, Nicholas and Wagner, David},
  booktitle={International conference on machine learning},
  pages={274--283},
  year={2018}
}

@article{sitawarin2022preprocessors,
  title={Preprocessors Matter! Realistic Decision-Based Attacks on Machine Learning Systems},
  author={Sitawarin, Chawin and Tramer, Florian and Carlini, Nicholas},
  journal={arXiv preprint arXiv:2210.03297},
  year={2022}
}

@book{aastrom2013adaptive,
  title={Adaptive control},
  author={{\AA}str{\"o}m, Karl J and Wittenmark, Bj{\"o}rn},
  year={2013},
  publisher={Courier Corporation}
}

@article{geirhos2020shortcut,
  title={Shortcut learning in deep neural networks},
  author={Geirhos, Robert and Jacobsen, J{\"o}rn-Henrik and Michaelis, Claudio and Zemel, Richard and Brendel, Wieland and Bethge, Matthias and Wichmann, Felix A},
  journal={Nature Machine Intelligence},
  volume={2},
  number={11},
  pages={665--673},
  year={2020},
  publisher={Nature Publishing Group}
}

@article{hernandez2017survey,
  title={A survey of learning in multiagent environments: Dealing with non-stationarity},
  author={Hernandez-Leal, Pablo and Kaisers, Michael and Baarslag, Tim and de Cote, Enrique Munoz},
  journal={arXiv preprint arXiv:1707.09183},
  year={2017}
}

@inproceedings{hardt2016strategic,
  title={Strategic classification},
  author={Hardt, Moritz and Megiddo, Nimrod and Papadimitriou, Christos and Wootters, Mary},
  booktitle={Proceedings of the 2016 ACM conference on innovations in theoretical computer science},
  pages={111--122},
  year={2016}
}

@inproceedings{bruckner2011stackelberg,
  title={Stackelberg games for adversarial prediction problems},
  author={Br{\"u}ckner, Michael and Scheffer, Tobias},
  booktitle={Proceedings of the 17th ACM SIGKDD conference on Knowledge discovery and data mining},
  pages={547--555},
  year={2011}
}

@article{sengupta2020multi,
  title={Multi-agent Reinforcement Learning in Bayesian Stackelberg Markov Games for Adaptive Moving Target Defense},
  author={Sengupta, Sailik and Kambhampati, Subbarao},
  journal={arXiv e-prints},
  pages={arXiv--2007},
  year={2020}
}

@article{timbers2022approximate,
  title={Approximate Exploitability: Learning a Best Response},
  author={Timbers, Finbarr and Bard, Nolan and Lockhart, Edward and Lanctot, Marc and Schmid, Martin and Burch, Neil and Schrittweiser, Julian and Hubert, Thomas and Bowling, Michael},
  journal={IJCAI, Jul},
  year={2022}
}

@article{levin1968induction,
  title={Induction and Husserl's theory of eidetic variation},
  author={Levin, David Michael},
  journal={Philosophy and Phenomenological Research},
  volume={29},
  number={1},
  pages={1--15},
  year={1968},
  publisher={JSTOR}
}

@article{silver2021reward,
  title={Reward is enough},
  author={Silver, David and Singh, Satinder and Precup, Doina and Sutton, Richard S},
  journal={Artificial Intelligence},
  volume={299},
  pages={103535},
  year={2021},
  publisher={Elsevier}
}

@article{brockman2016openai,
  title={Openai gym},
  author={Brockman, Greg and Cheung, Vicki and Pettersson, Ludwig and Schneider, Jonas and Schulman, John and Tang, Jie and Zaremba, Wojciech},
  journal={arXiv preprint arXiv:1606.01540},
  year={2016}
}

@article{schulman2017proximal,
  title={Proximal policy optimization algorithms},
  author={Schulman, John and Wolski, Filip and Dhariwal, Prafulla and Radford, Alec and Klimov, Oleg},
  journal={arXiv:1707.06347},
  year={2017}
}

@article{demetrio2021functionality,
  title={Functionality-preserving black-box optimization of adversarial windows malware},
  author={Demetrio, Luca and Biggio, Battista and Lagorio, Giovanni and Roli, Fabio and Armando, Alessandro},
  journal={IEEE Transactions on Information Forensics and Security},
  volume={16},
  pages={3469--3478},
  year={2021},
  publisher={IEEE}
}


@inproceedings{arp2022and,
  title={Dos and Don'ts of Machine Learning in Computer Security},
  author={Arp, D and Quiring, E and Pendlebury, F and Warnecke, A and Pierazzi, F and Wressnegger, C and Cavallaro, L and Rieck, K},
  booktitle={USENIX Symposium on Security},
  year={2022},
  organization={USENIX Security}
}

@inproceedings{degris2012model,
  title={Model-free reinforcement learning with continuous action in practice},
  author={Degris, Thomas and Pilarski, Patrick M and Sutton, Richard S},
  booktitle={2012 American Control Conference (ACC)},
  pages={2177--2182},
  year={2012},
  organization={IEEE}
}

@inproceedings{foerster2018learning,
  title={Learning with Opponent-Learning Awareness},
  author={Foerster, Jakob and Chen, Richard Y and Al-Shedivat, Maruan and Whiteson, Shimon and Abbeel, Pieter and Mordatch, Igor},
  booktitle={Proceedings of the 17th International Conference on Autonomous Agents and MultiAgent Systems},
  pages={122--130},
  year={2018}
}

@inproceedings{cheng2019sign,
  title={Sign-OPT: A Query-Efficient Hard-label Adversarial Attack},
  author={Cheng, Minhao and Singh, Simranjit and Chen, Patrick H and Chen, Pin-Yu and Liu, Sijia and Hsieh, Cho-Jui},
  booktitle={International Conference on Learning Representations},
  year={2019}
}

@inproceedings{pham2021autodropout,
  title={Autodropout: Learning dropout patterns to regularize deep networks},
  author={Pham, Hieu and Le, Quoc},
  booktitle={Proceedings of the AAAI Conference on Artificial Intelligence},
  volume={35},
  pages={9351--9359},
  year={2021}
}

@inproceedings{pierazzi2020intriguing,
  title={Intriguing properties of adversarial ml attacks in the problem space},
  author={Pierazzi, Fabio and Pendlebury, Feargus and Cortellazzi, Jacopo and Cavallaro, Lorenzo},
  booktitle={2020 IEEE symposium on security and privacy (SP)},
  pages={1332--1349},
  year={2020},
  organization={IEEE}
}

@inproceedings{sutton1999policy,
  title={Policy gradient methods for reinforcement learning with function approximation.},
  author={Sutton, Richard S and McAllester, David A and Singh, Satinder P and Mansour, Yishay and others},
  booktitle={NIPs},
  volume={99},
  pages={1057--1063},
  year={1999},
  organization={Citeseer}
}

@inproceedings{ahuja2020invariant,
  title={Invariant risk minimization games},
  author={Ahuja, Kartik and Shanmugam, Karthikeyan and Varshney, Kush and Dhurandhar, Amit},
  booktitle={International Conference on Machine Learning},
  pages={145--155},
  year={2020},
  organization={PMLR}
}

@article{stable-baselines3,
  author  = {Antonin Raffin and Ashley Hill and Adam Gleave and Anssi Kanervisto and Maximilian Ernestus and Noah Dormann},
  title   = {Stable-Baselines3: Reliable Reinforcement Learning Implementations},
  journal = {Journal of Machine Learning Research},
  year    = {2021},
  volume  = {22},
  number  = {268},
  pages   = {1-8},
  url     = {http://jmlr.org/papers/v22/20-1364.html}
}

@misc{raffin2019stable,
  title={Stable baselines3},
  author={Raffin, Antonin and Hill, Ashley and Ernestus, Maximilian and Gleave, Adam and Kanervisto, Anssi and Dormann, Noah},
  year={2019}
}

@article{everitt2018agi,
  title={AGI safety literature review},
  author={Everitt, Tom and Lea, Gary and Hutter, Marcus},
  journal={arXiv preprint arXiv:1805.01109},
  year={2018}
}

@article{gowal2018effectiveness,
  title={On the effectiveness of interval bound propagation for training verifiably robust models},
  author={Gowal, Sven and Dvijotham, Krishnamurthy and Stanforth, Robert and Bunel, Rudy and Qin, Chongli and Uesato, Jonathan and Arandjelovic, Relja and Mann, Timothy and Kohli, Pushmeet},
  journal={arXiv preprint arXiv:1810.12715},
  year={2018}
}

@article{ouyang2022training,
  title={Training language models to follow instructions with human feedback},
  author={Ouyang, Long and Wu, Jeff and Jiang, Xu and Almeida, Diogo and Wainwright, Carroll L and Mishkin, Pamela and Zhang, Chong and Agarwal, Sandhini and Slama, Katarina and Ray, Alex and others},
  journal={arXiv preprint arXiv:2203.02155},
  year={2022}
}

@article{amodei2016concrete,
  title={Concrete problems in AI safety},
  author={Amodei, Dario and Olah, Chris and Steinhardt, Jacob and Christiano, Paul and Schulman, John and Man{\'e}, Dan},
  journal={arXiv preprint arXiv:1606.06565},
  year={2016}
}

@inproceedings{ilyas2018black,
  title={Black-box adversarial attacks with limited queries and information},
  author={Ilyas, Andrew and Engstrom, Logan and Athalye, Anish and Lin, Jessy},
  booktitle={International conference on machine learning},
  pages={2137--2146},
  year={2018},
  organization={PMLR}
}

@book{hofstadter2008metamagical,
  title={Metamagical themas: Questing for the essence of mind and pattern},
  author={Hofstadter, Douglas R},
  year={2008},
  publisher={Hachette UK}
}

@article{bose2020adversarial,
  title={Adversarial Example Games},
  author={Bose, Joey and Gidel, Gauthier and Berard, Hugo and Cianflone, Andre and Vincent, Pascal and Lacoste-Julien, Simon and Hamilton, Will},
  journal={Advances in neural information processing systems},
  volume={33},
  pages={8921--8934},
  year={2020}
}

@article{gao2022achieving,
  title={Achieving optimal adversarial accuracy for adversarial deep learning using Stackelberg games},
  author={Gao, Xiao-shan and Liu, Shuang and Yu, Lijia},
  journal={Acta Mathematica Scientia},
  volume={42},
  number={6},
  pages={2399--2418},
  year={2022},
  publisher={Springer}
}

@article{he2020towards,
  title={Towards security threats of deep learning systems: A survey},
  author={He, Yingzhe and Meng, Guozhu and Chen, Kai and Hu, Xingbo and He, Jinwen},
  journal={IEEE Transactions on Software Engineering},
  volume={48},
  number={5},
  pages={1743--1770},
  year={2020},
  publisher={IEEE}
}

@article{anderson2018learning,
  title={Learning to evade static pe machine learning malware models via reinforcement learning},
  author={Anderson, Hyrum S and Kharkar, Anant and Filar, Bobby and Evans, David and Roth, Phil},
  journal={arXiv preprint arXiv:1801.08917},
  year={2018}
}

@inproceedings{li2022blacklight,
  title={Blacklight: Scalable defense for neural networks against $\{$Query-Based$\}$$\{$Black-Box$\}$ attacks},
  author={Li, Huiying and Shan, Shawn and Wenger, Emily and Zhang, Jiayun and Zheng, Haitao and Zhao, Ben Y},
  booktitle={31st USENIX Security Symposium (USENIX Security 22)},
  pages={2117--2134},
  year={2022}
}

@article{qin2021random,
  title={Random noise defense against query-based black-box attacks},
  author={Qin, Zeyu and Fan, Yanbo and Zha, Hongyuan and Wu, Baoyuan},
  journal={Advances in Neural Information Processing Systems},
  volume={34},
  pages={7650--7663},
  year={2021}
}

@inproceedings{byun2022effectiveness,
  title={On the effectiveness of small input noise for defending against query-based black-box attacks},
  author={Byun, Junyoung and Go, Hyojun and Kim, Changick},
  booktitle={Proceedings of the IEEE/CVF Winter Conference on Applications of Computer Vision},
  pages={3051--3060},
  year={2022}
}

@inproceedings{tsingenopoulos2019autoattacker,
  title={AutoAttacker: A reinforcement learning approach for black-box adversarial attacks},
  author={Tsingenopoulos, Ilias and Preuveneers, Davy and Joosen, Wouter},
  booktitle={2019 IEEE European Symposium on Security and Privacy Workshops (EuroS\&PW)},
  pages={229--237},
  year={2019},
  organization={IEEE}
}

@article{pal2020game,
  title={A game theoretic analysis of additive adversarial attacks and defenses},
  author={Pal, Ambar and Vidal, Ren{\'e}},
  journal={Advances in Neural Information Processing Systems},
  volume={33},
  pages={1345--1355},
  year={2020}
}

@article{ren2021unified,
  title={A unified game-theoretic interpretation of adversarial robustness},
  author={Ren, Jie and Zhang, Die and Wang, Yisen and Chen, Lu and Zhou, Zhanpeng and Chen, Yiting and Cheng, Xu and Wang, Xin and Zhou, Meng and Shi, Jie and others},
  journal={arXiv preprint arXiv:2103.07364},
  year={2021}
}

@article{yasodharan2019nonzero,
  title={Nonzero-sum adversarial hypothesis testing games},
  author={Yasodharan, Sarath and Loiseau, Patrick},
  journal={Advances in Neural Information Processing Systems},
  volume={32},
  year={2019}
}

@inproceedings{juuti2019prada,
  title={PRADA: protecting against DNN model stealing attacks},
  author={Juuti, Mika and Szyller, Sebastian and Marchal, Samuel and Asokan, N},
  booktitle={2019 IEEE European Symposium on Security and Privacy (EuroS\&P)},
  pages={512--527},
  year={2019},
  organization={IEEE}
}

@inproceedings{li2020qeba,
  title={Qeba: Query-efficient boundary-based blackbox attack},
  author={Li, Huichen and Xu, Xiaojun and Zhang, Xiaolu and Yang, Shuang and Li, Bo},
  booktitle={Proceedings of the IEEE/CVF conference on computer vision and pattern recognition},
  year={2020}
}

@inproceedings{maho2021surfree,
  title={Surfree: a fast surrogate-free black-box attack},
  author={Maho, Thibault and Furon, Teddy and Le Merrer, Erwan},
  booktitle={Proceedings of the IEEE/CVF Conference on Computer Vision and Pattern Recognition},
  pages={10430--10439},
  year={2021}
}

@inproceedings{sharif2018suitability,
  title={On the suitability of lp-norms for creating and preventing adversarial examples},
  author={Sharif, Mahmood and Bauer, Lujo and Reiter, Michael K},
  booktitle={Proceedings of the IEEE Conference on Computer Vision and Pattern Recognition Workshops},
  pages={1605--1613},
  year={2018}
}

@inproceedings{feng2023stateful,
  title={Stateful Defenses for Machine Learning Models Are Not Yet Secure Against Black-box Attacks},
  author={Feng, Ryan and Hooda, Ashish and Mangaokar, Neal and Fawaz, Kassem and Jha, Somesh and Prakash, Atul},
  booktitle={Proceedings of the 2023 ACM SIGSAC Conference on Computer and Communications Security},
  pages={786--800},
  year={2023}
}

@inproceedings{hadsell2006dimensionality,
  title={Dimensionality reduction by learning an invariant mapping},
  author={Hadsell, Raia and Chopra, Sumit and LeCun, Yann},
  booktitle={2006 IEEE computer society conference on computer vision and pattern recognition (CVPR'06)},
  volume={2},
  pages={1735--1742},
  year={2006},
  organization={IEEE}
}

@inproceedings{sivakorn2016robot,
  title={I am robot:(deep) learning to break semantic image captchas},
  author={Sivakorn, Suphannee and Polakis, Iasonas and Keromytis, Angelos D},
  booktitle={2016 IEEE European Symposium on Security and Privacy (EuroS\&P)},
  pages={388--403},
  year={2016},
  organization={IEEE}
}


@article{fridman2015multi,
  title={Multi-modal decision fusion for continuous authentication},
  author={Fridman, Lex and Stolerman, Ariel and Acharya, Sayandeep and Brennan, Patrick and Juola, Patrick and Greenstadt, Rachel and Kam, Moshe},
  journal={Computers \& Electrical Engineering},
  volume={41},
  pages={142--156},
  year={2015},
  publisher={Elsevier}
}

@article{akrout2019hacking,
  title={Hacking google recaptcha v3 using reinforcement learning},
  author={Akrout, Ismail and Feriani, Amal and Akrout, Mohamed},
  journal={Conference on Reinforcement Learning and Decision Making},
  year={2019}
}

@inproceedings{boda2011user,
  title={User tracking on the web via cross-browser fingerprinting},
  author={Boda, K{\'a}roly and F{\"o}ldes, {\'A}d{\'a}m M{\'a}t{\'e} and Guly{\'a}s, G{\'a}bor Gy{\"o}rgy and Imre, S{\'a}ndor},
  booktitle={Nordic conference on secure it systems},
  pages={31--46},
  year={2011},
  organization={Springer}
}

@article{Malialis2015,
  title={Distributed response to network intrusions using multiagent reinforcement learning},
  author={Malialis, Kleanthis and Kudenko, Daniel},
  journal={Engineering Applications of Artificial Intelligence},
  volume={41},
  pages={270--284},
  year={2015},
  publisher={Elsevier}
}

@article{Mnih2013,
archivePrefix = {arXiv},
arxivId = {1312.5602},
author = {Mnih, Volodymyr and Kavukcuoglu, Koray and Silver, David and Graves, Alex and Antonoglou, Ioannis and Wierstra, Daan and Riedmiller, Martin},
eprint = {1312.5602},
month = {dec},
title = {{Playing Atari with Deep Reinforcement Learning}},
url = {http://arxiv.org/abs/1312.5602},
year = {2013}
}

@article{Silver2017,
  title={Mastering the game of Go without human knowledge},
  author={Silver, David and Schrittwieser, Julian and Simonyan, Karen and Antonoglou, Ioannis and Huang, Aja and Guez, Arthur and Hubert, Thomas and Baker, Lucas and Lai, Matthew and Bolton, Adrian and others},
  journal={Nature},
  volume={550},
  number={7676},
  pages={354--359},
  year={2017},
  publisher={Nature Publishing Group}
}

@inproceedings{Ferdowsi2018a,
  title={Robust deep reinforcement learning for security and safety in autonomous vehicle systems},
  author={Ferdowsi, Aidin and Challita, Ursula and Saad, Walid and Mandayam, Narayan B},
  booktitle={2018 21st International Conference on Intelligent Transportation Systems (ITSC)},
  pages={307--312},
  year={2018},
  organization={IEEE}
}

@article{Ni2019,
  title={A multistage game in smart grid security: A reinforcement learning solution},
  author={Ni, Zhen and Paul, Shuva},
  journal={IEEE transactions on neural networks and learning systems},
  volume={30},
  number={9},
  pages={2684--2695},
  year={2019},
  publisher={IEEE}
}

@article{Xiao2018a,
archivePrefix = {arXiv},
arxivId = {1801.05915},
author = {Xiao, Liang and Wan, Xiaoyue and Dai, Canhuang and Du, Xiaojiang and Chen, Xiang and Guizani, Mohsen},
doi = {10.1109/MWC.2018.1700291},
eprint = {1801.05915},
issn = {15361284},
journal = {IEEE Wireless Communications},
mendeley-groups = {RL,Defenses,NSPW2020},
month = {jun},
number = {3},
pages = {116--122},
publisher = {Institute of Electrical and Electronics Engineers Inc.},
title = {{Security in Mobile Edge Caching with Reinforcement Learning}},
volume = {25},
year = {2018}
}

@inproceedings{von2003captcha,
  title={CAPTCHA: Using hard AI problems for security},
  author={Von Ahn, Luis and Blum, Manuel and Hopper, Nicholas J and Langford, John},
  booktitle={International conference on the theory and applications of cryptographic techniques},
  pages={294--311},
  year={2003},
  organization={Springer}
}

@inproceedings{bursztein2014end,
  title={The end is nigh: Generic solving of text-based captchas},
  author={Bursztein, Elie and Aigrain, Jonathan and Moscicki, Angelika and Mitchell, John C},
  booktitle={8th $\{$USENIX$\}$ Workshop on Offensive Technologies ($\{$WOOT$\}$ 14)},
  year={2014}
}

@article{naor1996verification,
  title={Verification of a human in the loop or Identification via the Turing Test},
  author={Naor, Moni},
  url={http://www.http://www.wisdom.weizmann.ac.il/~naor/PAPERS/human.pdf},
  year={1996},
  publisher={Citeseer}
}

@inproceedings{bursztein2011text,
  title={Text-based CAPTCHA strengths and weaknesses},
  author={Bursztein, Elie and Martin, Matthieu and Mitchell, John},
  booktitle={Proceedings of the 18th ACM conference on Computer and communications security},
  pages={125--138},
  year={2011}
}

@inproceedings{cruz2012breaking,
  title={Breaking reCAPTCHAs with unpredictable collapse: Heuristic character segmentation and recognition},
  author={Cruz-Perez, Claudia and Starostenko, Oleg and Uceda-Ponga, Fernando and Alarcon-Aquino, Vicente and Reyes-Cabrera, Leobardo},
  booktitle={Mexican Conference on Pattern Recognition},
  pages={155--165},
  year={2012},
  organization={Springer}
}

@inproceedings{chellapilla2005computers,
  title={Computers beat Humans at Single Character Recognition in Reading based Human Interaction Proofs (HIPs).},
  author={Chellapilla, Kumar and Larson, Kevin and Simard, Patrice Y and Czerwinski, Mary},
  booktitle={CEAS},
  year={2005}
}

@inproceedings{motoyama2010re,
  title={Re: CAPTCHAs-Understanding CAPTCHA-Solving Services in an Economic Context.},
  author={Motoyama, Marti and Levchenko, Kirill and Kanich, Chris and McCoy, Damon and Voelker, Geoffrey M and Savage, Stefan},
  booktitle={USENIX Security Symposium},
  volume={10},
  pages={3},
  year={2010}
}

@inproceedings{ye2018yet,
  title={Yet another text captcha solver: A generative adversarial network based approach},
  author={Ye, Guixin and Tang, Zhanyong and Fang, Dingyi and Zhu, Zhanxing and Feng, Yansong and Xu, Pengfei and Chen, Xiaojiang and Wang, Zheng},
  booktitle={Proceedings of the 2018 ACM SIGSAC Conference on Computer and Communications Security},
  pages={332--348},
  year={2018}
}

@article{d2014avatar,
  title={Avatar captcha: telling computers and humans apart via face classification and mouse dynamics.},
  author={D’Souza, Darryl Felix},
  year={2014}
}

@article{acien2020becaptcha,
  title={BeCAPTCHA-Mouse: Synthetic Mouse Trajectories and Improved Bot Detection},
  author={Acien, Alejandro and Morales, Aythami and Fierrez, Julian and Vera-Rodriguez, Ruben},
  journal={arXiv preprint arXiv:2005.00890},
  year={2020}
}

@article{sobel2017artificial,
  title={Artificial Intelligence's Fair Use Crisis},
  author={Sobel, Benjamin LW},
  journal={Colum. JL \& Arts},
  volume={41},
  pages={45},
  year={2017},
  publisher={HeinOnline}
}

@article{chu2012detecting,
  title={Detecting automation of twitter accounts: Are you a human, bot, or cyborg?},
  author={Chu, Zi and Gianvecchio, Steven and Wang, Haining and Jajodia, Sushil},
  journal={IEEE Transactions on Dependable and Secure Computing},
  volume={9},
  number={6},
  pages={811--824},
  year={2012},
  publisher={IEEE}
}

@inproceedings{chow2010captcha,
  title={CAPTCHA challenges for massively multiplayer online games: Mini-game CAPTCHAs},
  author={Chow, Yang-Wai and Susilo, Willy and Zhou, Hua-Yu},
  booktitle={2010 International Conference on Cyberworlds},
  pages={254--261},
  year={2010},
  organization={IEEE}
}

@inproceedings{antonakakis2012throw,
  title={From throw-away traffic to bots: detecting the rise of DGA-based malware},
  author={Antonakakis, Manos and Perdisci, Roberto and Nadji, Yacin and Vasiloglou, Nikolaos and Abu-Nimeh, Saeed and Lee, Wenke and Dagon, David},
  booktitle={21st $\{$USENIX$\}$ Security Symposium},
  pages={491--506},
  year={2012}
}

@article{xu2020survey,
  title={A survey of CAPTCHA technologies to distinguish between human and computer},
  author={Xu, Xin and Liu, Lei and Li, Bo},
  journal={Neurocomputing},
  year={2020},
  publisher={Elsevier}
}

@article{mowery2012pixel,
  title={Pixel perfect: Fingerprinting canvas in HTML5},
  author={Mowery, Keaton and Shacham, Hovav},
  journal={Proceedings of W2SP},
  pages={1--12},
  year={2012}
}

@inproceedings{bock2017uncaptcha,
  title={unCaptcha: a low-resource defeat of recaptcha's audio challenge},
  author={Bock, Kevin and Patel, Daven and Hughey, George and Levin, Dave},
  booktitle={11th $\{$USENIX$\}$ Workshop on Offensive Technologies ($\{$WOOT$\}$ 17)},
  year={2017}
}

@article{chu2013blog,
  title={Blog or block: Detecting blog bots through behavioral biometrics},
  author={Chu, Zi and Gianvecchio, Steven and Koehl, Aaron and Wang, Haining and Jajodia, Sushil},
  journal={Computer Networks},
  volume={57},
  number={3},
  pages={634--646},
  year={2013},
  publisher={Elsevier}
}

@inproceedings{yampolskiy2006use,
  title={Use of behavioral biometrics in intrusion detection and online gaming},
  author={Yampolskiy, Roman V and Govindaraju, Venu},
  booktitle={Biometric Technology for Human Identification III},
  volume={6202},
  pages={62020U},
  year={2006},
  organization={International Society for Optics and Photonics}
}

@article{brendel2017decision,
  title={Decision-based adversarial attacks: Reliable attacks against black-box machine learning models},
  author={Brendel, Wieland and Rauber, Jonas and Bethge, Matthias},
  journal={arXiv preprint arXiv:1712.04248},
  year={2017}
}

@article{ilyas2018prior,
  title={Prior convictions: Black-box adversarial attacks with bandits and priors},
  author={Ilyas, Andrew and Engstrom, Logan and Madry, Aleksander},
  journal={arXiv preprint arXiv:1807.07978},
  year={2018}
}

@inproceedings{mohamed2014three,
  title={A three-way investigation of a game-CAPTCHA: automated attacks, relay attacks and usability},
  author={Mohamed, Manar and Sachdeva, Niharika and Georgescu, Michael and Gao, Song and Saxena, Nitesh and Zhang, Chengcui and Kumaraguru, Ponnurangam and Van Oorschot, Paul C and Chen, Wei-Bang},
  booktitle={Proceedings of the 9th ACM symposium on Information, computer and communications security},
  year={2014}
}

@article{dionysiou2020sok,
  title={SoK: Machine vs. Machine--A Systematic Classification of Automated Machine Learning-Based CAPTCHA Solvers},
  author={Dionysiou, Antreas and Athanasopoulos, Elias},
  journal={Computers \& Security},
  pages={101947},
  year={2020},
  publisher={Elsevier}
}

@inproceedings{hossen2020object,
  title={An Object Detection based Solver for Google’s Image reCAPTCHA v2},
  author={Hossen, Md Imran and Tu, Yazhou and Rabby, Md Fazle and Islam, Md Nazmul and Cao, Hui and Hei, Xiali},
  booktitle={23rd International Symposium on Research in Attacks, Intrusions and Defenses ($\{$RAID$\}$ 2020)},
  pages={269--284},
  year={2020}
}

@article{tramer2017ensemble,
  title={Ensemble adversarial training: Attacks and defenses},
  author={Tramer, Florian and Kurakin, Alexey and Papernot, Nicolas and Goodfellow, Ian and Boneh, Dan and McDaniel, Patrick},
  journal={arXiv preprint arXiv:1705.07204},
  year={2017}
}

@inproceedings{karpathy2015deep,
  title={Deep visual-semantic alignments for generating image descriptions},
  author={Karpathy, Andrej and Fei-Fei, Li},
  booktitle={Proceedings of the IEEE conference on computer vision and pattern recognition},
  pages={3128--3137},
  year={2015}
}

@article{osadchy2017no,
  title={No bot expects the DeepCAPTCHA! Introducing immutable adversarial examples, with applications to CAPTCHA generation},
  author={Osadchy, Margarita and Hernandez-Castro, Julio and Gibson, Stuart and Dunkelman, Orr and P{\'e}rez-Cabo, Daniel},
  journal={IEEE Transactions on Information Forensics and Security},
  volume={12},
  number={11},
  pages={2640--2653},
  year={2017},
  publisher={IEEE}
}

@article{weng2019towards,
  title={Towards understanding the security of modern image captchas and underground captcha-solving services},
  author={Weng, Haiqin and Zhao, Binbin and Ji, Shouling and Chen, Jianhai and Wang, Ting and He, Qinming and Beyah, Raheem},
  journal={Big Data Mining and Analytics},
  volume={2},
  number={2},
  pages={118--144},
  year={2019},
  publisher={TUP}
}

@inproceedings{wang2020using,
  title={Using Deep Learning to Solve Google reCAPTCHA v2’s Image Challenges},
  author={Wang, Dylan and Moh, Melody and Moh, Teng-Sheng},
  booktitle={2020 14th International Conference on Ubiquitous Information Management and Communication (IMCOM)},
  pages={1--5},
  year={2020},
  organization={IEEE}
}

@article{kaelbling1998planning,
  title={Planning and acting in partially observable stochastic domains},
  author={Kaelbling, Leslie Pack and Littman, Michael L and Cassandra, Anthony R},
  journal={Artificial intelligence},
  volume={101},
  number={1-2},
  pages={99--134},
  year={1998},
  publisher={Elsevier}
}

@article{tharwat2019intelligent,
  title={Intelligent B{\'e}zier curve-based path planning model using Chaotic Particle Swarm Optimization algorithm},
  author={Tharwat, Alaa and Elhoseny, Mohamed and Hassanien, Aboul Ella and Gabel, Thomas and Kumar, Arun},
  journal={Cluster Computing},
  volume={22},
  number={2},
  pages={4745--4766},
  year={2019},
  publisher={Springer}
}

@inproceedings{dhakal2018observations,
  title={Observations on typing from 136 million keystrokes},
  author={Dhakal, Vivek and Feit, Anna Maria and Kristensson, Per Ola and Oulasvirta, Antti},
  booktitle={Proceedings of the 2018 CHI Conference on Human Factors in Computing Systems},
  pages={1--12},
  year={2018}
}

@article{liaw2002classification,
  title={Classification and regression by randomForest},
  author={Liaw, Andy and Wiener, Matthew and others},
  journal={R news},
  volume={2},
  number={3},
  pages={18--22},
  year={2002}
}

@article{bastani2017interpreting,
  title={Interpreting blackbox models via model extraction},
  author={Bastani, Osbert and Kim, Carolyn and Bastani, Hamsa},
  journal={arXiv preprint arXiv:1705.08504},
  year={2017}
}

@inproceedings{jagielski2020high,
  title={High accuracy and high fidelity extraction of neural networks},
  author={Jagielski, Matthew and Carlini, Nicholas and Berthelot, David and Kurakin, Alex and Papernot, Nicolas},
  booktitle={29th $\{$USENIX$\}$ Security Symposium ($\{$USENIX$\}$ Security 20)},
  pages={1345--1362},
  year={2020}
}

@inproceedings{lundberg2017unified,
  title={A unified approach to interpreting model predictions},
  author={Lundberg, Scott M and Lee, Su-In},
  booktitle={Proceedings of the 31st international conference on neural information processing systems},
  pages={4768--4777},
  year={2017}
}

@article{katerina2018mouse,
  title={Mouse behavioral patterns and keystroke dynamics in End-User Development: What can they tell us about users’ behavioral attributes?},
  author={Katerina, Tzafilkou and Nicolaos, Protogeros},
  journal={Computers in Human Behavior},
  volume={83},
  pages={288--305},
  year={2018},
  publisher={Elsevier}
}

@article{scholkopf2019causality,
  title={Causality for machine learning},
  author={Sch{\"o}lkopf, Bernhard},
  journal={arXiv preprint arXiv:1911.10500},
  year={2019}
}

@inproceedings{li2021good,
  title={Good bot, bad bot: Characterizing automated browsing activity},
  author={Li, Xigao and Azad, Babak Amin and Rahmati, Amir and Nikiforakis, Nick},
  booktitle={2021 IEEE symposium on security and privacy (sp)},
  pages={17},
  year={2021}
}

@article{trinius2009malware,
  title={A malware instruction set for behavior-based analysis},
  author={Trinius, Philipp and Willems, Carsten and Holz, Thorsten and Rieck, Konrad},
  journal={None},
  year={2009}
}


@inproceedings{rosenberg2018generic,
  title={Generic black-box end-to-end attack against state of the art API call based malware classifiers},
  author={Rosenberg, Ishai and Shabtai, Asaf and Rokach, Lior and Elovici, Yuval},
  booktitle={Research in Attacks, Intrusions, and Defenses: 21st International Symposium, RAID 2018, Heraklion, Crete, Greece, September 10-12, 2018, Proceedings 21},
  pages={490--510},
  year={2018},
  organization={Springer}
}

@inproceedings{rosenberg2021sequence,
  title={Sequence Squeezing: A Defense Method Against Adversarial Examples for API Call-Based RNN Variants},
  author={Rosenberg, Ishai and Shabtai, Asaf and Elovici, Yuval and Rokach, Lior},
  booktitle={2021 International Joint Conference on Neural Networks (IJCNN)},
  pages={1--10},
  year={2021},
  organization={IEEE}
}

@inproceedings{dambra2023decoding,
  title={Decoding the Secrets of Machine Learning in Malware Classification: A Deep Dive into Datasets, Feature Extraction, and Model Performance},
  author={Dambra, Savino and Han, Yufei and Aonzo, Simone and Kotzias, Platon and Vitale, Antonino and Caballero, Juan and Balzarotti, Davide and Bilge, Leyla},
  booktitle={Proceedings of the 2023 ACM SIGSAC Conference on Computer and Communications Security},
  pages={60--74},
  year={2023}
}

@article{aonzohumans,
  title={Humans vs. machines in malware classification},
  author={Aonzo, Simone and Han, Yufei and Mantovani, Alessandro and Balzarotti, Davide},
  journal={Proc. of USENIX-23},
  year={2023}
}

@article{galovic2021improving,
  title={Improving robustness of malware classifiers using adversarial strings generated from perturbed latent representations},
  author={Galovic, Marek and Bosansky, Branislav and Lisy, Viliam},
  journal={arXiv preprint arXiv:2110.11987},
  year={2021}
}

@inproceedings{pennington2014glove,
  title={Glove: Global vectors for word representation},
  author={Pennington, Jeffrey and Socher, Richard and Manning, Christopher D},
  booktitle={Proceedings of the 2014 conference on empirical methods in natural language processing (EMNLP)},
  pages={1532--1543},
  year={2014}
}

@article{ilyas2019adversarial,
  title={Adversarial examples are not bugs, they are features},
  author={Ilyas, Andrew and Santurkar, Shibani and Tsipras, Dimitris and Engstrom, Logan and Tran, Brandon and Madry, Aleksander},
  journal={Advances in neural information processing systems},
  volume={32},
  year={2019}
}

@article{gilmer2019a,
  author = {Gilmer, Justin and Hendrycks, Dan},
  title = {A Discussion of 'Adversarial Examples Are Not Bugs, They Are Features': Adversarial Example Researchers Need to Expand What is Meant by 'Robustness'},
  journal = {Distill},
  year = {2019},
  note = {https://distill.pub/2019/advex-bugs-discussion/response-1},
  doi = {10.23915/distill.00019.1}
}

@inproceedings{kuchler2021does,
  title={Does Every Second Count? Time-based Evolution of Malware Behavior in Sandboxes.},
  author={K{\"u}chler, Alexander and Mantovani, Alessandro and Han, Yufei and Bilge, Leyla and Balzarotti, Davide},
  booktitle={NDSS},
  year={2021}
}

@article{geirhos2018generalisation,
  title={Generalisation in humans and deep neural networks},
  author={Geirhos, Robert and Temme, Carlos RM and Rauber, Jonas and Sch{\"u}tt, Heiko H and Bethge, Matthias and Wichmann, Felix A},
  journal={Advances in neural information processing systems},
  volume={31},
  year={2018}
}

@article{hendrycks2019benchmarking,
  title={Benchmarking neural network robustness to common corruptions and perturbations},
  author={Hendrycks, Dan and Dietterich, Thomas},
  journal={arXiv preprint arXiv:1903.12261},
  year={2019}
}

@article{pevny2022explaining,
  title={Explaining Classifiers Trained on Raw Hierarchical Multiple-Instance Data},
  author={Pevny, Tomas and Lisy, Viliam and Bosansky, Branislav and Somol, Petr and Pechoucek, Michal},
  journal={arXiv preprint arXiv:2208.02694},
  year={2022}
}

@article{lanckriet2002robust,
  title={A robust minimax approach to classification},
  author={Lanckriet, Gert RG and Ghaoui, Laurent El and Bhattacharyya, Chiranjib and Jordan, Michael I},
  journal={Journal of Machine Learning Research},
  volume={3},
  number={Dec},
  pages={555--582},
  year={2002}
}


@article{upadhyay2021towards,
  title={Towards robust and reliable algorithmic recourse},
  author={Upadhyay, Sohini and Joshi, Shalmali and Lakkaraju, Himabindu},
  journal={Advances in Neural Information Processing Systems},
  volume={34},
  pages={16926--16937},
  year={2021}
}

@misc{VirusTotal,
    title        = {VirusTotal},
    author       = {VirusTotal},
    note          = {\url{https://www.virustotal.com}},
}

@online{CAPA,
    title        = {capa: Automatically Identify Malware Capabilities},
    author       = {Mandiant},
    note          = {\url{https://github.com/mandiant/capa}},
}

@misc{VMwareCloak,
    title        = {VMwareCloak},
    note          = {\url{https://github.com/d4rksystem/VMwareCloak}},
}

@misc{Chocolately,
    title        = {Chocolately},
    note          = {\url{https://chocolatey.org/}},
}

@misc{capemon,
    title        = {CAPEMON},
    note          = {\url{https://github.com/kevoreilly/capemon}},
}

@inproceedings{moser2007limits,
  title={Limits of static analysis for malware detection},
  author={Moser, Andreas and Kruegel, Christopher and Kirda, Engin},
  booktitle={Twenty-third annual computer security applications conference (ACSAC 2007)},
  pages={421--430},
  year={2007},
  organization={IEEE}
}

@misc{CAPEv2,
    title        = {CAPEv2 sandbox},
    note          = {\url{https://github.com/kevoreilly/CAPEv2}},
}

@misc{DRAKVUF,
    title        = {DRAKVUF sandbox},
    note          = {\url{https://github.com/CERT-Polska/drakvuf-sandbox}},
}

@misc{CUCKOO,
    title        = {Cuckoo sandbox},
    note          = {\url{https://github.com/cuckoosandbox/cuckoo}},
}

@inproceedings{biggio2018wild,
  title={Wild patterns: Ten years after the rise of adversarial machine learning},
  author={Biggio, Battista and Roli, Fabio},
  booktitle={Proceedings of the 2018 ACM SIGSAC Conference on Computer and Communications Security},
  pages={2154--2156},
  year={2018}
}

@inproceedings{ispoglou2016malwash,
  title={$\{$malWASH$\}$: washing malware to evade dynamic analysis},
  author={Ispoglou, Kyriakos K and Payer, Mathias},
  booktitle={10th USENIX workshop on offensive technologies (WOOT 16)},
  year={2016}
}


@inproceedings{huajmuacsan2017evasive,
  title={Evasive malware detection using groups of processes},
  author={H{\u{a}}jm{\u{a}}{\c{s}}an, Gheorghe and Mondoc, Alexandra and Portase, Radu and Cre{\c{t}}, Octavian},
  booktitle={IFIP International Conference on ICT Systems Security and Privacy Protection},
  pages={32--45},
  year={2017},
  organization={Springer}
}


@article{ntantogian2019transforming,
  title={Transforming malicious code to ROP gadgets for antivirus evasion},
  author={Ntantogian, Christoforos and Poulios, Georgios and Karopoulos, Georgios and Xenakis, Christos},
  journal={IET Information Security},
  volume={13},
  number={6},
  pages={570--578},
  year={2019},
  publisher={Wiley Online Library}
}

@inproceedings{pevny2016discriminative,
  title={Discriminative models for multi-instance problems with tree structure},
  author={Pevny, Tomas and Somol, Petr},
  booktitle={Proceedings of the 2016 ACM Workshop on Artificial Intelligence and Security},
  pages={83--91},
  year={2016}
}

@article{sheatsley2020adversarial,
  title={Adversarial examples in constrained domains},
  author={Sheatsley, Ryan and Papernot, Nicolas and Weisman, Michael and Verma, Gunjan and McDaniel, Patrick},
  journal={arXiv preprint arXiv:2011.01183},
  year={2020}
}

@article{galloro2022systematical,
  title={A Systematical and longitudinal study of evasive behaviors in windows malware},
  author={Galloro, Nicola and Polino, Mario and Carminati, Michele and Continella, Andrea and Zanero, Stefano},
  journal={Computers \& Security},
  volume={113},
  pages={102550},
  year={2022},
  publisher={Elsevier}
}

@article{maffia2021longitudinal,
  title={Longitudinal Study of the Prevalence of Malware Evasive Techniques},
  author={Maffia, Lorenzo and Nisi, Dario and Kotzias, Platon and Lagorio, Giovanni and Aonzo, Simone and Balzarotti, Davide},
  journal={arXiv preprint arXiv:2112.11289},
  year={2021}
}

@article{ming2017impeding,
  title={Impeding behavior-based malware analysis via replacement attacks to malware specifications},
  author={Ming, Jiang and Xin, Zhi and Lan, Pengwei and Wu, Dinghao and Liu, Peng and Mao, Bing},
  journal={Journal of Computer Virology and Hacking Techniques},
  volume={13},
  pages={193--207},
  year={2017},
  publisher={Springer}
}

@inproceedings{park2020survey,
  title={A survey on practical adversarial examples for malware classifiers},
  author={Park, Daniel and Yener, B{\"u}lent},
  booktitle={Reversing and Offensive-oriented Trends Symposium},
  pages={23--35},
  year={2020}
}


@inproceedings{burr2021improving,
  title={Improving adversarial attacks against executable raw byte classifiers},
  author={Burr, Justin and Xu, Shengjie},
  booktitle={IEEE INFOCOM 2021-IEEE Conference on Computer Communications Workshops (INFOCOM WKSHPS)},
  pages={1--2},
  year={2021},
  organization={IEEE}
}


@inproceedings{li2020adversarial,
  title={An adversarial machine learning method based on opcode n-grams feature in malware detection},
  author={Li, Xiang and Qiu, Kefan and Qian, Cheng and Zhao, Gang},
  booktitle={2020 IEEE Fifth International Conference on Data Science in Cyberspace (DSC)},
  pages={380--387},
  year={2020},
  organization={IEEE}
}


@article{abusitta2021malware,
  title={Malware classification and composition analysis: A survey of recent developments},
  author={Abusitta, Adel and Li, Miles Q and Fung, Benjamin CM},
  journal={Journal of Information Security and Applications},
  volume={59},
  pages={102828},
  year={2021},
  publisher={Elsevier}
}


@inproceedings{raff2018malware,
  title={Malware detection by eating a whole exe},
  author={Raff, Edward and Barker, Jon and Sylvester, Jared and Brandon, Robert and Catanzaro, Bryan and Nicholas, Charles K},
  booktitle={Workshops at the thirty-second AAAI conference on artificial intelligence},
  year={2018}
}

@inproceedings{miramirkhani2017spotless,
  title={Spotless sandboxes: Evading malware analysis systems using wear-and-tear artifacts},
  author={Miramirkhani, Najmeh and Appini, Mahathi Priya and Nikiforakis, Nick and Polychronakis, Michalis},
  booktitle={2017 IEEE Symposium on Security and Privacy (SP)},
  pages={1009--1024},
  year={2017},
  organization={IEEE}
}

@inproceedings{alasmary2020soteria,
  title={Soteria: Detecting adversarial examples in control flow graph-based malware classifiers},
  author={Alasmary, Hisham and Abusnaina, Ahmed and Jang, Rhongho and Abuhamad, Mohammed and Anwar, Afsah and Nyang, DaeHun and Mohaisen, David},
  booktitle={2020 IEEE 40th International Conference on Distributed Computing Systems (ICDCS)},
  pages={888--898},
  year={2020},
  organization={IEEE}
}

@inproceedings{christodorescu2003static,
  title={Static analysis of executables to detect malicious patterns},
  author={Christodorescu, Mihai and Jha, Somesh},
  booktitle={12th USENIX Security Symposium (USENIX Security 03)},
  year={2003}
}

@article{cornelissen2009systematic,
  title={A systematic survey of program comprehension through dynamic analysis},
  author={Cornelissen, Bas and Zaidman, Andy and Van Deursen, Arie and Moonen, Leon and Koschke, Rainer},
  journal={IEEE Transactions on Software Engineering},
  volume={35},
  number={5},
  pages={684--702},
  year={2009},
  publisher={IEEE}
}

@inproceedings{pevny2017using,
  title={Using neural network formalism to solve multiple-instance problems},
  author={Pevny, Tomas and Somol, Petr},
  booktitle={Advances in Neural Networks-ISNN 2017: 14th International Symposium, ISNN 2017, Sapporo, Hakodate, and Muroran, Hokkaido, Japan, June 21--26, 2017, Proceedings, Part I 14},
  pages={135--142},
  year={2017},
  organization={Springer}
}

@inproceedings{paassen2018tree,
  title={Tree edit distance learning via adaptive symbol embeddings},
  author={Paa{\ss}en, Benjamin and Gallicchio, Claudio and Micheli, Alessio and Hammer, Barbara},
  booktitle={International Conference on Machine Learning},
  pages={3976--3985},
  year={2018},
  organization={PMLR}
}

@article{mandlik2022jsongrinder,
  title={Mill. jl and JsonGrinder. jl: automated differentiable feature extraction for learning from raw JSON data},
  author={Mandlik, Simon and Racinsky, Matej and Lisy, Viliam and Pevny, Tomas},
  journal={arXiv preprint arXiv:2105.09107},
  year={2021}
}


@inproceedings{tian2010differentiating,
  title={Differentiating malware from cleanware using behavioural analysis},
  author={Tian, Ronghua and Islam, Rafiqul and Batten, Lynn and Versteeg, Steve},
  booktitle={2010 5th international conference on malicious and unwanted software},
  pages={23--30},
  year={2010},
  organization={Ieee}
}

@inproceedings{grosse2017adversarial,
  title={Adversarial examples for malware detection},
  author={Grosse, Kathrin and Papernot, Nicolas and Manoharan, Praveen and Backes, Michael and McDaniel, Patrick},
  booktitle={Computer Security--ESORICS 2017: 22nd European Symposium on Research in Computer Security, Oslo, Norway, September 11-15, 2017, Proceedings, Part II 22},
  pages={62--79},
  year={2017},
  organization={Springer}
}

@inproceedings{continella2016shieldfs,
  title={Shieldfs: a self-healing, ransomware-aware filesystem},
  author={Continella, Andrea and Guagnelli, Alessandro and Zingaro, Giovanni and De Pasquale, Giulio and Barenghi, Alessandro and Zanero, Stefano and Maggi, Federico},
  booktitle={Proceedings of the 32nd annual conference on computer security applications},
  pages={336--347},
  year={2016}
}

@inproceedings{aghakhani2020malware,
  title={When malware is packin'heat; limits of machine learning classifiers based on static analysis features},
  author={Aghakhani, Hojjat and Gritti, Fabio and Mecca, Francesco and Lindorfer, Martina and Ortolani, Stefano and Balzarotti, Davide and Vigna, Giovanni and Kruegel, Christopher},
  booktitle={Network and Distributed Systems Security (NDSS) Symposium 2020},
  year={2020}
}

@article{sharif2019general,
  title={A general framework for adversarial examples with objectives},
  author={Sharif, Mahmood and Bhagavatula, Sruti and Bauer, Lujo and Reiter, Michael K},
  journal={ACM Transactions on Privacy and Security (TOPS)},
  volume={22},
  number={3},
  pages={1--30},
  year={2019},
  publisher={ACM New York, NY, USA}
}

@inproceedings{dyrmishi2023empirical,
  title={On the empirical effectiveness of unrealistic adversarial hardening against realistic adversarial attacks},
  author={Dyrmishi, Salijona and Ghamizi, Salah and Simonetto, Thibault and Le Traon, Yves and Cordy, Maxime},
  booktitle={2023 IEEE symposium on security and privacy (SP)},
  pages={1384--1400},
  year={2023},
  organization={IEEE}
}

@article{cubuk2018autoaugment,
  title={Autoaugment: Learning augmentation policies from data},
  author={Cubuk, Ekin D and Zoph, Barret and Mane, Dandelion and Vasudevan, Vijay and Le, Quoc V},
  journal={arXiv preprint arXiv:1805.09501},
  year={2018}
}

@article{hu2017generating,
  title={Generating adversarial malware examples for black-box attacks based on GAN},
  author={Hu, Weiwei and Tan, Ying},
  journal={arXiv preprint arXiv:1702.05983},
  year={2017}
}

@inproceedings{stokes2018attack,
  title={Attack and defense of dynamic analysis-based, adversarial neural malware detection models},
  author={Stokes, Jack W and Wang, De and Marinescu, Mady and Marino, Marc and Bussone, Brian},
  booktitle={MILCOM 2018-2018 IEEE Military Communications Conference (MILCOM)},
  pages={1--8},
  year={2018},
  organization={IEEE}
}


@article{labaca2021universal,
  title={Universal Adversarial Perturbations for Malware},
  author={Labaca-Castro, Raphael and Mu{\~n}oz-Gonz{\'a}lez, Luis and Pendlebury, Feargus and Dreo Rodosek, Gabi and Pierazzi, Fabio and Cavallaro, Lorenzo},
  journal={arXiv e-prints},
  pages={arXiv--2102},
  year={2021}
}

@article{li2021framework,
  title={A framework for enhancing deep neural networks against adversarial malware},
  author={Li, Deqiang and Li, Qianmu and Ye, Yanfang and Xu, Shouhuai},
  journal={IEEE Transactions on Network Science and Engineering},
  volume={8},
  number={1},
  pages={736--750},
  year={2021},
  publisher={IEEE}
}

@article{rathore2021robust,
  title={Robust malware detection models: learning from adversarial attacks and defenses},
  author={Rathore, Hemant and Samavedhi, Adithya and Sahay, Sanjay K and Sewak, Mohit},
  journal={Forensic Science International: Digital Investigation},
  volume={37},
  pages={301183},
  year={2021},
  publisher={Elsevier}
}


@article{christiano2017deep,
  title={Deep reinforcement learning from human preferences},
  author={Christiano, Paul F and Leike, Jan and Brown, Tom and Martic, Miljan and Legg, Shane and Amodei, Dario},
  journal={Advances in neural information processing systems},
  volume={30},
  year={2017}
}


@article{casper2022robust,
  title={Robust feature-level adversaries are interpretability tools},
  author={Casper, Stephen and Nadeau, Max and Hadfield-Menell, Dylan and Kreiman, Gabriel},
  journal={Advances in Neural Information Processing Systems},
  volume={35},
  pages={33093--33106},
  year={2022}
}

@inproceedings{kim2018interpretability,
  title={Interpretability beyond feature attribution: Quantitative testing with concept activation vectors (tcav)},
  author={Kim, Been and Wattenberg, Martin and Gilmer, Justin and Cai, Carrie and Wexler, James and Viegas, Fernanda and others},
  booktitle={International conference on machine learning},
  pages={2668--2677},
  year={2018},
  organization={PMLR}
}

@article{benjamin1935work,
  title={The Work of Art in the Age of Mechanical Reproduction, 1936},
  author={Benjamin, Walter},
  journal={New York},
  year={1935}
}

@misc{botreport,
  title = {Bot Abuse Analysis and Other Fraud Benchmarks},
  year = 2023,
  note = {\url{https://www.arkoselabs.com/wp-content/uploads/Breaking-Bad-Bots-Bot-Abuse-Analysis-and-Other-Fraud-Benchmarks.pdf}}
}

@article{nguyen2021deep,
  title={Deep reinforcement learning for cyber security},
  author={Nguyen, Thanh Thi and Reddi, Vijay Janapa},
  journal={IEEE Transactions on Neural Networks and Learning Systems},
  volume={34},
  number={8},
  pages={3779--3795},
  year={2021},
  publisher={IEEE}
}

@article{szegedy2013intriguing,
  title={Intriguing properties of neural networks},
  author={Szegedy, Christian and Zaremba, Wojciech and Sutskever, Ilya and Bruna, Joan and Erhan, Dumitru and Goodfellow, Ian and Fergus, Rob},
  journal={arXiv preprint arXiv:1312.6199},
  year={2013}
}

@inproceedings{biggio2013evasion,
  title={Evasion attacks against machine learning at test time},
  author={Biggio, Battista and Corona, Igino and Maiorca, Davide and Nelson, Blaine and {\v{S}}rndi{\'c}, Nedim and Laskov, Pavel and Giacinto, Giorgio and Roli, Fabio},
  booktitle={Machine Learning and Knowledge Discovery in Databases: European Conference, ECML PKDD 2013, Prague, Czech Republic, September 23-27, 2013, Proceedings, Part III 13},
  pages={387--402},
  year={2013},
  organization={Springer}
}

@article{cortellazzi2024train,
  title={How to Train your Antivirus: RL-based Hardening through the Problem-Space},
  author={ Tsingenopoulos, Ilias and Cortellazzi, Jacopo and Bosansky, Branislav and Aonzo, Simone and Preuveneers, Davy and Joosen, Wouter and Pierazzi, Fabio and Cavallaro, Lorenzo},
  journal={27th International Symposium on Research in Attacks, Intrusions and Defenses},
  year={2024}
}

@inproceedings{tsingenopoulos2022captcha,
  title={Captcha me if you can: Imitation Games with Reinforcement Learning},
  author={Tsingenopoulos, Ilias and Preuveneers, Davy and Desmet, Lieven and Joosen, Wouter},
  booktitle={2022 IEEE 7th European Symposium on Security and Privacy (EuroS\&P)},
  pages={719--735},
  year={2022},
  organization={IEEE}
}

@inproceedings{shafiei2022position,
  title={Position paper: On advancing adversarial malware generation using dynamic features},
  author={Shafiei, Ali and Rimmer, Vera and Tsingenopoulos, Ilias and Desmet, Lieven and Joosen, Wouter},
  booktitle={Proceedings of the 1st Workshop on Robust Malware Analysis},
  pages={15--20},
  year={2022}
}

@incollection{hernandez2022adversarial,
  title={Adversarial Machine Learning},
  author={Hern{\'a}ndez-Castro, Carlos Javier and Liu, Zhuoran and Serban, Alex and Tsingenopoulos, Ilias and Joosen, Wouter},
  booktitle={Security and Artificial Intelligence: A Crossdisciplinary Approach},
  pages={287--312},
  year={2022},
  publisher={Springer}
}

@article{preuveneers2020resource,
  title={Resource usage and performance trade-offs for machine learning models in smart environments},
  author={Preuveneers, Davy and Tsingenopoulos, Ilias and Joosen, Wouter},
  journal={Sensors},
  volume={20},
  number={4},
  pages={1176},
  year={2020},
  publisher={MDPI}
}

@article{preuveneers2018chained,
  title={Chained anomaly detection models for federated learning: An intrusion detection case study},
  author={Preuveneers, Davy and Rimmer, Vera and Tsingenopoulos, Ilias and Spooren, Jan and Joosen, Wouter and Ilie-Zudor, Elisabeth},
  journal={Applied Sciences},
  volume={8},
  number={12},
  pages={2663},
  year={2018},
  publisher={MDPI}
}

@inproceedings{tsingenopoulos2024onadaptive,
  title={On Adaptive Decision-Based Attacks and Defenses},
  author={Tsingenopoulos, Ilias and Rimmer, Vera and Preuveneers, Davy and Pierazzi, Fabio and Cavallaro, Lorenzo and Joosen, Wouter},
  booktitle={2024 IEEE Security and Privacy Workshops (SPW)},
  year={2024},
  organization={IEEE}
}

@article{tohme2019superrational,
  title={Superrational types},
  author={Tohm{\'e}, Fernando A and Viglizzo, Ignacio D},
  journal={Logic Journal of the IGPL},
  volume={27},
  number={6},
  pages={847--864},
  year={2019},
  publisher={Oxford University Press}
}

@book{von1947theory,
  title={Theory of games and economic behavior, 2nd rev},
  author={Von Neumann, John and Morgenstern, Oskar},
  year={1947},
  publisher={Princeton university press}
}

@article{skalse2022defining,
  title={Defining and characterizing reward gaming},
  author={Skalse, Joar and Howe, Nikolaus and Krasheninnikov, Dmitrii and Krueger, David},
  journal={Advances in Neural Information Processing Systems},
  volume={35},
  pages={9460--9471},
  year={2022}
}

@misc{rlblogpost,
    title={Deep Reinforcement Learning Doesn't Work Yet},
    author={Irpan, Alex},
    howpublished={\url{https://www.alexirpan.com/2018/02/14/rl-hard.html}},
    year={2018}
}

@inproceedings{apruzzese2023real,
  title={“real attackers don't compute gradients”: bridging the gap between adversarial ml research and practice},
  author={Apruzzese, Giovanni and Anderson, Hyrum S and Dambra, Savino and Freeman, David and Pierazzi, Fabio and Roundy, Kevin},
  booktitle={2023 IEEE Conference on Secure and Trustworthy Machine Learning (SaTML)},
  pages={339--364},
  year={2023},
  organization={IEEE}
}

@inproceedings{demontis2019adversarial,
  title={Why do adversarial attacks transfer? explaining transferability of evasion and poisoning attacks},
  author={Demontis, Ambra and Melis, Marco and Pintor, Maura and Jagielski, Matthew and Biggio, Battista and Oprea, Alina and Nita-Rotaru, Cristina and Roli, Fabio},
  booktitle={28th USENIX security symposium (USENIX security 19)},
  pages={321--338},
  year={2019}
}

@article{demetrio2021adversarial,
  title={Adversarial exemples: A survey and experimental evaluation of practical attacks on machine learning for windows malware detection},
  author={Demetrio, Luca and Coull, Scott E and Biggio, Battista and Lagorio, Giovanni and Armando, Alessandro and Roli, Fabio},
  journal={ACM Transactions on Privacy and Security (TOPS)},
  volume={24},
  number={4},
  pages={1--31},
  year={2021},
  publisher={ACM New York, NY, USA}
}

@article{labaca2021realizable,
  title={Realizable universal adversarial perturbations for malware},
  author={Labaca-Castro, Raphael and Mu{\~n}oz-Gonz{\'a}lez, Luis and Pendlebury, Feargus and Rodosek, Gabi Dreo and Pierazzi, Fabio and Cavallaro, Lorenzo},
  journal={arXiv preprint arXiv:2102.06747},
  year={2021}
}

@inproceedings{labaca2021aimed,
  title={AIMED-RL: Exploring adversarial malware examples with reinforcement learning},
  author={Labaca-Castro, Raphael and Franz, Sebastian and Rodosek, Gabi Dreo},
  booktitle={Machine Learning and Knowledge Discovery in Databases. Applied Data Science Track: European Conference, ECML PKDD 2021, Bilbao, Spain, September 13--17, 2021, Proceedings, Part IV 21},
  pages={37--52},
  year={2021},
  organization={Springer}
}

@article{botacin2022antiviruses,
  title={Antiviruses under the microscope: A hands-on perspective},
  author={Botacin, Marcus and Domingues, Felipe Duarte and Ceschin, Fabr{\'\i}cio and Machnicki, Raphael and Alves, Marco Antonio Zanata and de Geus, Paulo L{\'\i}cio and Gr{\'e}gio, Andr{\'e}},
  journal={Computers \& Security},
  volume={112},
  pages={102500},
  year={2022},
  publisher={Elsevier}
}

@inproceedings{lucas2023adversarial,
  title={Adversarial training for $\{$Raw-Binary$\}$ malware classifiers},
  author={Lucas, Keane and Pai, Samruddhi and Lin, Weiran and Bauer, Lujo and Reiter, Michael K and Sharif, Mahmood},
  booktitle={32nd USENIX Security Symposium (USENIX Security 23)},
  pages={1163--1180},
  year={2023}
}

@inproceedings{fadadu2019evading,
  title={Evading API call sequence based malware classifiers},
  author={Fadadu, Fenil and Handa, Anand and Kumar, Nitesh and Shukla, Sandeep Kumar},
  booktitle={International Conference on Information and Communications Security},
  pages={18--33},
  year={2019},
  organization={Springer}
}

@article{baldan2021rice,
  title={A Rice’s theorem for abstract semantics},
  author={Baldan, Paolo and Ranzato, Francesco and Zhang, Linpeng and others},
  journal={LEIBNIZ INTERNATIONAL PROCEEDINGS IN INFORMATICS},
  volume={198},
  pages={1--19},
  year={2021},
  publisher={Schloss Dagstuhl--Leibniz-Zentrum fur Informatik}
}